A001
@inproceedings{A001:ma2010chemotherapy,
  title={Chemotherapy and radiotherapy: cryptic anticancer vaccines},
  author={Ma, Yuting and Kepp, Oliver and Ghiringhelli, Fran{\c{c}}ois and Apetoh, Lionel and Aymeric, Laetitia and Locher, Clara and Tesniere, Antoine and Martins, Isabelle and Ly, Andr{\'e} and Haynes, Nicole M and others},
  booktitle={Seminars in immunology},
  volume={22},
  number={3},
  pages={113--124},
  year={2010},
  organization={Elsevier}
}
A002
@inproceedings{A002:golden2015radiotherapy,
  title={Radiotherapy and immunogenic cell death},
  author={Golden, Encouse B and Apetoh, Lionel},
  booktitle={Seminars in radiation oncology},
  volume={25},
  number={1},
  pages={11--17},
  year={2015},
  organization={Elsevier}
}
A003
@article{A003:fucikova2011human,
  title={Human tumor cells killed by anthracyclines induce a tumor-specific immune response},
  author={Fucikova, Jitka and Kralikova, Petra and Fialova, Anna and Brtnicky, Tomas and Rob, Lukas and Bartunkova, Jirina and {\v{S}}p{\'\i}{\v{s}}ek, Radek},
  journal={Cancer research},
  volume={71},
  number={14},
  pages={4821--4833},
  year={2011},
  publisher={AACR}
}
A004
@article{A004:krysko2013many,
  title={Many faces of DAMPs in cancer therapy},
  author={Krysko, Olga and Aaes, T L{\o}ve and Bachert, Claus and Vandenabeele, Peter and Krysko, DV},
  journal={Cell death \& disease},
  volume={4},
  number={5},
  pages={e631},
  year={2013},
  publisher={Nature Publishing Group}
}
A005
@inproceedings{A005:van2015hyperthermia,
  title={Hyperthermia and the need to monitor temperature},
  author={van Rhoon, GC and Paulides, MM and Drizdal, T and Franckena, M},
  booktitle={2015 International Conference on Electromagnetics in Advanced Applications (ICEAA)},
  pages={1181--1185},
  year={2015},
  organization={IEEE}
}
A006
@inproceedings{A006:chong2001optical,
  title={Optical fiber based thermometry system for a hyperthermia laboratory},
  author={Chong, JE and Leija, L and Pennisi, CP and Fonseca, WH},
  booktitle={2001 Conference Proceedings of the 23rd Annual International Conference of the IEEE Engineering in Medicine and Biology Society},
  volume={3},
  pages={3036--3039},
  year={2001},
  organization={IEEE}
}
A007
@article{A007:farrer2015characterization,
  title={Characterization and evaluation of tissue-mimicking gelatin phantoms for use with MRgFUS},
  author={Farrer, Alexis I and Od{\'e}en, Henrik and de Bever, Joshua and Coats, Brittany and Parker, Dennis L and Payne, Allison and Christensen, Douglas A},
  journal={Journal of therapeutic ultrasound},
  volume={3},
  number={1},
  pages={9},
  year={2015},
  publisher={BioMed Central}
}
A008
@article{A008:triana2014validacion,
  title={Validaci{\'o}n de sensores basados en redes de difracci{\'o}n de bragg (fbgs) para deformaci{\'o}n y temperatura},
  author={Triana-Infante, Cristian Andr{\'e}s and Dur{\'a}n, Gloria Margarita Var{\'o}n and Pastor-Abell{\'a}n, Daniel},
  journal={ITECKNE: Innovaci{\'o}n e Investigaci{\'o}n en Ingenier{\'\i}a},
  volume={11},
  number={2},
  pages={172--182},
  year={2014},
  publisher={Universidad Santo Tom{\'a}s (USTA)}
}
A009
@article{A009:rao1997fibre,
  title={In-fibre Bragg grating sensors},
  author={Rao, Yun-Jiang},
  journal={Measurement science and technology},
  volume={8},
  number={4},
  pages={355},
  year={1997},
  publisher={IOP Publishing}
}
A010
@article{A010:wehrle2001fibre,
  title={A fibre optic Bragg grating strain sensor for monitoring ventilatory movements},
  author={Wehrle, G{\"u}nther and Nohama, Percy and Kalinowski, Hypolito Jos{\'e} and Torres, Pedro Ign{\'a}cio and Valente, Luiz Carlos Guedes},
  journal={Measurement Science and Technology},
  volume={12},
  number={7},
  pages={805},
  year={2001},
  publisher={IOP Publishing}
}
A011
@inproceedings{A011:ostadrahimi2009heterogeneous,
  title={A heterogeneous breast phantom for microwave breast imaging},
  author={Ostadrahimi, Majid and Reopelle, Ryan and Noghanian, Sima and Pistorius, Stephen and Vahedi, Arman and Safari, Faezeh},
  booktitle={2009 Annual International Conference of the IEEE Engineering in Medicine and Biology Society},
  pages={2727--2730},
  year={2009},
  organization={IEEE}
}
A012
@article{A012:mallory2016therapeutic,
  title={Therapeutic hyperthermia: The old, the new, and the upcoming},
  author={Mallory, Matthew and Gogineni, Emile and Jones, Guy C and Greer, Lester and Simone II, Charles B},
  journal={Critical reviews in oncology/hematology},
  volume={97},
  pages={56--64},
  year={2016},
  publisher={Elsevier}
}
A013
@article{A013:badawy2017making,
  title={Making and testing breast phantom within monostatic radar system by using horn antenna},
  author={Badawy, Samir and Elhalafawy, Said and Elkholy, Omhashim},
  journal={Life Science Journal},
  volume={14},
  number={5},
  pages={5--11},
  year={2017}
}
A014
@inproceedings{A014:ghodgaonkar2003calculation,
  title={Calculation of Debye parameters of single Debye relaxation equation for human skin in vivo},
  author={Ghodgaonkar, Deepak K and Daud, Adib Bin},
  booktitle={4th National Conference of Telecommunication Technology, 2003. NCTT 2003 Proceedings.},
  pages={71--74},
  year={2003},
  organization={Ieee}
}
A015
@article{A015:onimisi2015comparative,
  title={Comparative analysis of dielectric constant and loss factor of pure butan-1-ol and ethanol},
  author={Onimisi, MY and Ikyumbur, JT},
  journal={American Journal of Condensed Matter Physics},
  volume={5},
  number={3},
  pages={69--75},
  year={2015}
}
A016
@article{A016:al2007estimating,
  title={Estimating Microstrip Substrate Relative Dielectric Constant},
  author={AL-RAIE, MOHAMMEDALI},
  journal={Microwaves \& RF},
  volume={46},
  number={13},
  year={2007},
  publisher={Penton}
}
A017
@inproceedings{A017:zamora2018improvement,
  title={Improvement the permittivity determination in glyphosate-water mixture using CSRR as sensor},
  author={Zamora, Jos{\'e} L and Vargas, Duver R and Hern{\'a}ndez-G{\'o}mez, Yicely K and {\'A}lvarez-Botero, Germ{\'a}n A},
  booktitle={2018 IEEE International Instrumentation and Measurement Technology Conference (I2MTC)},
  pages={1--5},
  year={2018},
  organization={IEEE}
}
A018
@article{A018:hindy2018experimental,
  title={Experimental retrieval of the negative parameters “Permittivity and Permeability” based on a circular split ring resonator (CSRR) left handed metamaterial},
  author={Hindy, Moataza A and ElSagheer, Ragab M and Yasseen, MS},
  journal={Journal of Electrical Systems and Information Technology},
  volume={5},
  number={2},
  pages={208--215},
  year={2018},
  publisher={Elsevier}
}
A019
@article{A019:lazebnik2005tissue,
  title={Tissue-mimicking phantom materials for narrowband and ultrawideband microwave applications},
  author={Lazebnik, Mariya and Madsen, Ernest L and Frank, Gary R and Hagness, Susan C},
  journal={Physics in Medicine \& Biology},
  volume={50},
  number={18},
  pages={4245},
  year={2005},
  publisher={IOP Publishing}
}
A020
@article{A020:lazebnik2007large,
  title={A large-scale study of the ultrawideband microwave dielectric properties of normal, benign and malignant breast tissues obtained from cancer surgeries},
  author={Lazebnik, Mariya and Popovic, Dijana and McCartney, Leah and Watkins, Cynthia B and Lindstrom, Mary J and Harter, Josephine and Sewall, Sarah and Ogilvie, Travis and Magliocco, Anthony and Breslin, Tara M and others},
  journal={Physics in Medicine \& Biology},
  volume={52},
  number={20},
  pages={6093},
  year={2007},
  publisher={IOP Publishing}
}
A021
@article{A021:gabriel1996dielectric,
  title={The dielectric properties of biological tissues: III. Parametric models for the dielectric spectrum of tissues},
  author={Gabriel, Sami and Lau, RW and Gabriel, Camelia},
  journal={Physics in Medicine \& Biology},
  volume={41},
  number={11},
  pages={2271},
  year={1996},
  publisher={IOP Publishing}
}
A022
@article{A022:bakar2011heterogeneous,
  title={Heterogeneous breast phantom for ultra wideband microwave imaging},
  author={Bakar, Aslina Abu and Abbosh, Amin and Sharpe, Philip and Bialkowski, ME and Wang, Yifan},
  journal={Microwave and optical technology letters},
  volume={53},
  number={7},
  pages={1595--1598},
  year={2011},
  publisher={Wiley Online Library}
}
A023
@inproceedings{A023:gassino2017characterization,
  title={Characterization of fiber optic distributed temperature sensors for tissue laser ablation},
  author={Gassino, R and Vallan, A and Perrone, G and Konstantaki, M and Pissadakis, S},
  booktitle={2017 IEEE International Instrumentation and Measurement Technology Conference (I2MTC)},
  pages={1--5},
  year={2017},
  organization={IEEE}
}
A024
@article{A024:clavel2015thermoresponsive,
  title={Thermoresponsive fluorinated small-molecule drugs: a new concept for efficient localized chemotherapy},
  author={Clavel, Catherine M and Nowak-Sliwinska, Patrycja and P{\u{a}}unescu, Emilia and Dyson, Paul J},
  journal={MedChemComm},
  volume={6},
  number={12},
  pages={2054--2062},
  year={2015},
  publisher={Royal Society of Chemistry}
}
A025
@article{A025:londono2012plan,
  title={Plan nacional para el control de c{\'a}ncer en Colombia 2012-2020},
  author={Londo{\~n}o, Beatriz and Ram{\'\i}rez, CM and Urquijo, LE and Ospino, ML and Londo{\~n}o, Carolina and Ortiz, LC and Murillo, Ra{\'u}l and Pi{\~n}eros, Marion and Acosta, Jes{\'u}s and Castellanos, V},
  journal={Rep{\'u}blica de Colombia, Ministerio de Salud y Protecci{\'o}n Social, Instituto Nacional de Cancerolog{\'\i}a},
  year={2012}
}
A026
@article{A026:chen2017improving,
  title={Improving radiotherapy in cancer treatment: promises and challenges},
  author={Chen, Helen HW and Kuo, Macus Tien},
  journal={Oncotarget},
  volume={8},
  number={37},
  pages={62742},
  year={2017},
  publisher={Impact Journals, LLC}
}
A027
@article{A027:okhai2013principles,
  title={Principles and application of RF system for hyperthermia therapy},
  author={Okhai, Timothy A and Smith, Cedric J},
  journal={Hyperthermia. InTech},
  pages={171--184},
  year={2013}
}
A028
@article{A028:chou1996radio,
  title={Radio frequency electromagnetic exposure: Tutorial review on experimental dosimetry},
  author={Chou, C Kc and Bassen, Howard and Osepchuk, J and Balzano, Q and Petersen, R and Meltz, M and Cleveland, R and Lin, JC and Heynick, L},
  journal={Bioelectromagnetics: Journal of the Bioelectromagnetics Society, The Society for Physical Regulation in Biology and Medicine, The European Bioelectromagnetics Association},
  volume={17},
  number={3},
  pages={195--208},
  year={1996},
  publisher={Wiley Online Library}
}
A029
@article{A029:kurenov2015three,
  title={Three-dimensional printing to facilitate anatomic study, device development, simulation, and planning in thoracic surgery},
  author={Kurenov, Sergei N and Ionita, Ciprian and Sammons, Dan and Demmy, Todd L},
  journal={The Journal of thoracic and cardiovascular surgery},
  volume={149},
  number={4},
  pages={973--979},
  year={2015},
  publisher={Elsevier}
}