B001
@book{B001:hemmati2009near,
  title={Near-earth laser communications},
  author={Hemmati, Hamid},
  year={2009},
  publisher={CRC press}
}
B002
============================================================================
@incollection{B002:andrews2001laser01,
  title    = {Optical Wave Propagation in Random Media: Background Review},
  chapter  = {1},
  pages    = {1-62},
  crossref = {B002:andrews2001laser}
}
------
@incollection{B002:andrews2001laser02,
  title    = {Modeling Optical Scintillation},
  chapter  = {2},
  pages    = {67-92},
  crossref = {B002:andrews2001laser}
}
------
@book{B002:andrews2001laser,
  booktitle={Laser beam scintillation with applications},
  author={Andrews, Larry C and Phillips, Ronald L and Hopen, Cynthia Y},
  volume={99},
  year={2001},
  publisher={SPIE press}
}
B003
============================================================================
@incollection{B003:andrews2005laser05,
  title    = {Classical Theory for Propagation Through Random Media},
  chapter  = {5},
  pages    = {135-177},
  crossref = {B003:andrews2005laser}
}
------
@book{B003:andrews2005laser,
  booktitle={Laser beam propagation through random media},
  author={Andrews, Larry C and Phillips, Ronald L},
  year={2005},
  publisher={SPIE}
}