@misc{pendienteTamiz,
title={Falacias - Microondas (parte III, los metales)},
url={https://eltamiz.com/2007/04/19/falacias-microondas-parte-iii-los-metales/}
},