============================================================
L001=Near-earth laser communications========================
@book{L001:hemmati2009near,
  title={Near-earth laser communications},
  author={Hemmati, Hamid},
  year={2009},
  publisher={CRC press}
}
============================================================
L002=Laser beam scintillation with applications=============
Chapitre-1-----------
@incollection{L002:andrews2001laser01,
  title    = {Optical Wave Propagation in Random Media: Background Review},
  chapter  = {1},
  pages    = {1-62},
  crossref = {L002:andrews2001laser}
}
Chapitre-2-----------
@incollection{L002:andrews2001laser02,
  title    = {Modeling Optical Scintillation},
  chapter  = {2},
  pages    = {67-92},
  crossref = {L002:andrews2001laser}
}
Book-----------------
@book{L002:andrews2001laser,
  booktitle={Laser beam scintillation with applications},
  author={Andrews, Larry C and Phillips, Ronald L and Hopen, Cynthia Y},
  volume={99},
  year={2001},
  publisher={SPIE press}
}
============================================================
L003=Laser beam propagation through random media============
Chapitre-5-----------
@incollection{L003:andrews2005laser05,
  title    = {Classical Theory for Propagation Through Random Media},
  chapter  = {5},
  pages    = {135-177},
  crossref = {L003:andrews2005laser}
}
Book-----------------
@book{L003:andrews2005laser,
  booktitle={Laser beam propagation through random media},
  author={Andrews, Larry C and Phillips, Ronald L},
  year={2005},
  publisher={SPIE}
}












L001
@book{L000:arnon2012advanced,
  title={Advanced optical wireless communication systems},
  author={Arnon, Shlomi and Barry, John and Karagiannidis, George and Schober, Robert and Uysal, Murat},
  year={2012},
  publisher={Cambridge university press}
}
L002
@book{L000:agrawal2012fiber,
  title={Fiber-optic communication systems},
  author={Agrawal, Govind P},
  volume={222},
  year={2012},
  publisher={John Wiley \& Sons}
}
L003
@book{L000:hemmati2009near,
  title={Near-earth laser communications},
  author={Hemmati, Hamid},
  year={2009},
  publisher={CRC press}
}
L003
@book{L000:willner2019optical,
  title={Optical fiber telecommunications},
  author={Willner, Alan},
  volume={11},
  year={2019},
  publisher={Academic Press}
}
